@article{VanderPlas2021Designing,
    journal = {Harvard Data Science Review},
    doi = {10.1162/99608f92.7d099fd0},
    note = {https://hdsr.mitpress.mit.edu/pub/m7ur7k3u},
    publisher = {MIT Press},
    title = {Designing Graphics Requires Useful Experimental Testing Frameworks and Graphics Derived from Empirical Results},
    url = {https://hdsr.mitpress.mit.edu/pub/m7ur7k3u},
    author = {VanderPlas, Susan},
    date = {2021-07-30},
    year = {2021},
    month = {7},
    day = {30},
    keywords = {pr},
}

@article{inconclusives,
  AUTHOR+an = {2=highlight},
  keywords = {pr},
  addendum = {Writing (50\%)},
	title = {Treatment of inconclusives in the {AFTE} range of conclusions},
	volume = {19},
	url = {https://academic.oup.com/lpr/article/19/3-4/317/6308611},
	doi = {10.1093/lpr/mgab002},
	language = {en},
	number = {3-4},
	urldate = {2021-12-20},
	journal = {Law, Probability and Risk},
	author = {Hofmann, Heike and Carriquiry, Alicia and Vanderplas, Susan},
	month = jun,
	year = {2021},
	pages = {317--364}
}

@article{stat2020,
  AUTHOR+an = {1=highlight},
author = {VanderPlas, Susan and RÃ¶ttger, Christian and Cook, Dianne and Hofmann, Heike},
title = {Statistical significance calculations for scenarios in visual inference},
journal = {Stat},
volume = {10},
number = {1},
pages = {e337},
keywords = {data science, data visualization, hypothesis testing, statistical graphics},
doi = {https://doi.org/10.1002/sta4.337},
year = {2021},
  keywords = {pr},
  addendum = {Programming and analysis (30\%), Writing (65\%)}
}
@incollection{vanderplasIntroductionFirearmsExamination2020,
  AUTHOR+an = {1=highlight},
	title = {An introduction to firearms examination for researchers in statistics},
	doi = {10.1201/9780367527709},
	booktitle = {Handbook of {Forensic} {Statistics}},
	publisher = {New York: Chapman and Hall/CRC},
	author = {Vanderplas, Susan and Carriquiry, Alicia and Hofmann, Heike and Hamby, James and Tai, Xiao Hui},
	editor = {{Banks, D.} and {Kafadar, K.} and {Kaye, D.} and {Tackett, M.}},
	year = {2020},
  addendum = {Writing (50\%)},
  keywords = {pr},
}
@article{vanderplasComparisonThreeSimilarity2020,
  AUTHOR+an = {1=highlight},
	title = {Comparison of three similarity scores for bullet {LEA} matching},
	doi = {10.1016/j.forsciint.2020.110167},
	journal = {Forensic Science International},
	author = {Vanderplas, Susan and Nally, Melissa and Klep, Tylor and Cadevall, Cristina and Hofmann, Heike},
	month = jan,
	year = {2020},
	keywords = {3D microscopy, cross correlation, Forensic science, land engraved areas (LEAs), random forest, Toolmark},
  keywords = {pr},
  addendum = {Programming and analysis (20\%), Writing (55\%)}
}
@article{vanderplasTestingStatisticalCharts2020,
	title = {Testing {Statistical} {Charts}: {What} {Makes} a {Good} {Graph}?},
	volume = {7},
	shorttitle = {Testing {Statistical} {Charts}},
	doi = {10.1146/annurev-statistics-031219-041252},
	number = {1},
	journal = {Annual Review of Statistics and Its Application},
	author = {Vanderplas, Susan and Cook, Dianne and Hofmann, Heike},
	month = mar,
	year = {2020},
	pages = {13.1-13.28},
  keywords = {pr},
  AUTHOR+an = {1=highlight},
  addendum = {Writing (85\%)}
}

@Article{rutter2019ggenealogy,
	title = {ggenealogy: {An} {R} {Package} for {Visualizing} {Genealogical} {Data}},
	volume = {89},
	issn = {1548-7660},
	doi = {10.18637/jss.v089.i13},
	number = {13},
	journal = {Journal of Statistical Software},
	author = {Rutter, Lindsay and VanderPlas, Susan and Cook, Dianne and Graham, Michelle},
  AUTHOR+an = {2=highlight},
	year = {2019},
	keywords = {data visualization, exploratory data analysis, statistical graphics, genealogy, interactive, R},
	pages = {1--31},
  keywords = {pr}
}
@article{machinelearningforensics2019,
  author = {Carriquiry, Alicia and Hofmann, Heike and Tai, Xiao Hui and VanderPlas, Susan},
  AUTHOR+an = {4=highlight},
  title = {Machine learning in forensic applications},
  journal = {Significance},
  volume = {16},
  number = {2},
  pages = {29-35},
  doi = {10.1111/j.1740-9713.2019.01252.x},
  year = {2019},
  keywords = {npr},
  addendum = {Writing (50\%)},
  }
@article{framedjcgs,
	title = {Framed! {Reproducing} and {Revisiting} 150 year old charts},
	journal = {Journal of Computational and Graphical Statistics},
	author = {VanderPlas, Susan and Goluch, Ryan and Hofmann, Heike},
  AUTHOR+an = {1=highlight},
	year = {2019},
  addendum = {Programming and analysis (60\%), writing (50\%)},
	doi = {10.1080/10618600.2018.1562937},
	keywords = {pr}
}
@article{sievert2018extending,
  title={Extending ggplot2 for linked and animated web graphics},
  author={Sievert, Carson and VanderPlas, Susan and Cai, Jun and Ferris, Kevin and Khan, Faizan Uddin Fahad and Hocking, Toby Dylan},
  AUTHOR+an = {2=highlight},
  journal={Journal of Computational and Graphical Statistics},
  volume = {28},
  number = {2},
  pages = {299-308},
  year  = {2019},
  publisher = {Taylor & Francis},
  doi = {10.1080/10618600.2018.1513367},
  keywords = {pr}
}
@Article{featurehierarchyjcgs,
  Title                    = {{C}lusters Beat {T}rend!? {T}esting Feature Hierarchy in Statistical Graphics},
  Author                   = {Susan Vanderplas and Heike Hofmann},
  AUTHOR+an = {1=highlight},
  Journal                  = {Journal of Computational and Graphical Statistics},
  Year                     = {2017},
  Number                   = {2},
  Pages                    = {231-242},
  Volume                   = {26},
  addendum = {Programming and analysis (90\%), writing (50\%)},
  doi                      = {10.1080/10618600.2016.1209116},
  keywords = {pr}
}
@article{donohoresponse,
  title={All of This Has Happened Before. {A}ll of This Will Happen Again: {D}ata {S}cience},
  author={Heike Hofmann and Susan Vanderplas},  
  AUTHOR+an = {2=highlight},
  journal={Journal of Computational and Graphical Statistics},
  doi={10.1080/10618600.2017.1385474},
  volume={26},
  number={4},
  pages={775--778},
  year={2017},
  addendum = {Writing (75\%)},
  publisher={Taylor \& Francis},
  keywords = {pr}
}
@Article{visualaptitude,
  Title                    = {Spatial Reasoning and Data Displays},
  Author                   = {Susan Vanderplas and Heike Hofmann},
  AUTHOR+an = {1=highlight},
  Journal                  = {IEEE Transactions on Visualization and Computer Graphics},
  doi = {10.1109/TVCG.2015.2469125},
  addendum = {Programming and analysis (90\%), writing (75\%)},
  Year                     = {2016},
  keywords = {pr}
}
@Article{sineillusionjcgs,
  Title                    = {Signs of the Sine Illusion - why we need to care},
  author                   = {Susan Vanderplas and Heike Hofmann},
  AUTHOR+an = {1=highlight},
  journal                  = {Journal of Computational and Graphical Statistics},
  volume = {24},
  number = {4},
  pages = {1170-1190},
  year = {2015},
  addendum = {Programming and analysis (50\%), writing (60\%)},
  doi = {10.1080/10618600.2014.951547},
  keywords = {pr}
}
@article{budrus2013tennis,
  title={In tennis, do smashes win matches?},
  author={Budrus, Sarah and Vanderplas, Susan and Cook, Dianne},
  AUTHOR+an = {2},
  journal={Significance},
  volume={10},
  number={3},
  pages={35--38},
  year={2013},
  publisher={Wiley Online Library},
  doi = {10.1111/j.1740-9713.2013.00665.x},
  keywords = {npr}
}
@Article{towfic2010detection,
  Title                    = {Detection of gene orthology from gene co-expression and protein interaction networks},
  Author                   = {Fadi Towfic and Susan VanderPlas and Casey A Oliver and Oliver Couture and Christopher K Tuggle and M Heather West Greenlee and Vasant Honavar},
  AUTHOR+an = {2=highlight},
  Journal                  = {BMC bioinformatics},
  Year                     = {2010},
  Number                   = {Suppl 3},
  Pages                    = {S7},
  Volume                   = {11},
  Publisher                = {BioMed Central Ltd},
  doi = {10.1186%2F1471-2105-11-S3-S7},
  keywords = {pr}
}
@Article{hull2009near,
  Title                    = {Near-infrared spectroscopy and cortical responses to speech production},
  Author                   = {Rachel Hull and Heather Bortfeld and Susan Koons},
  AUTHOR+an = {3=highlight},
  Journal                  = {The open neuroimaging journal},
  doi = {10.2174%2F1874440000903010026},
  Year                     = {2009},
  Pages                    = {26},
  Volume                   = {3},
  Publisher                = {Bentham Science Publishers},
  keywords = {pr}
}
